<?xml version="1.0" encoding="UTF-8"?>
<record xmlns="http://www.loc.gov/MARC21/slim" xmlns:xsi="http://www.w3.org/2001/XMLSchema-instance" xsi:schemaLocation="http://www.loc.gov/MARC21/slim http://www.loc.gov/standards/marcxml/schema/MARC21slim.xsd">
<leader>00000cam a22      a 4500</leader>
<controlfield tag="001">002119429</controlfield>
<controlfield tag="003">NNU</controlfield>
<controlfield tag="005">20150612172020.0</controlfield>
<controlfield tag="008">940311s1922    ua       b    000 0 araod</controlfield>
<datafield tag="035" ind1=" " ind2=" ">
<subfield code="a">(OCoLC)29950380</subfield>
</datafield>
<datafield tag="040" ind1=" " ind2=" ">
<subfield code="a">OSU</subfield>
<subfield code="b">eng</subfield>
<subfield code="c">OSU</subfield>
<subfield code="d">OCLCG</subfield>
<subfield code="d">OCLCQ</subfield>
<subfield code="d">OCLCF</subfield>
<subfield code="d">OCLCQ</subfield>
<subfield code="d">OCLCO</subfield>
<subfield code="d">NNU</subfield>
</datafield>
<datafield tag="050" ind1=" " ind2="4">
<subfield code="a">BP174</subfield>
<subfield code="b">.Q38 1922</subfield>
</datafield>
<datafield tag="100" ind1="1" ind2=" ">
<subfield code="a">Qāsimī, Jamāl al-Dīn,</subfield>
<subfield code="d">1866-1914</subfield>
<subfield code="6">880-01</subfield>
</datafield>
<datafield tag="245" ind1="1" ind2="0">
<subfield code="6">880-02</subfield>
<subfield code="a">Iṣlāḥ al-masājid min al-bidaʻ wa-al-ʻawāʼid /</subfield>
<subfield code="c">taʼlīf Jamāl al-Dīn al-Qāsimī al-Dimashqī.</subfield>
</datafield>
<datafield tag="260" ind1=" " ind2=" ">
<subfield code="6">880-03</subfield>
<subfield code="a">al-Qāhirah :</subfield>
<subfield code="b">al-Maktabah al-Salafīyah,</subfield>
<subfield code="c">1341 [1922 or 1923]</subfield>
</datafield>
<datafield tag="300" ind1=" " ind2=" ">
<subfield code="a">319 pages ;</subfield>
<subfield code="c">23 cm</subfield>
</datafield>
<datafield tag="336" ind1=" " ind2=" ">
<subfield code="a">text</subfield>
<subfield code="b">txt</subfield>
<subfield code="2">rdacontent</subfield>
</datafield>
<datafield tag="337" ind1=" " ind2=" ">
<subfield code="a">unmediated</subfield>
<subfield code="b">n</subfield>
<subfield code="2">rdamedia</subfield>
</datafield>
<datafield tag="338" ind1=" " ind2=" ">
<subfield code="a">volume</subfield>
<subfield code="b">nc</subfield>
<subfield code="2">rdacarrier</subfield>
</datafield>
<datafield tag="504" ind1=" " ind2=" ">
<subfield code="a">Includes bibliographical references.</subfield>
</datafield>
<datafield tag="501" ind1=" " ind2=" ">
<subfield code="a">With: Matn al-ʻAshmāwīyah fī madhhab al-sādah al-Mālikīyah / taʼlīf ʻAbd al-Bārī al-ʻAshmāwī al-Rifāʻī. Miṣr: Dār Iḥyāʼ al-Kutub al-ʻArabīyah, 1920. -- al-Majmūʻah al-mubārakah al-mushtamilah ʻalá arbaʻ rasāʼil. Dihlī: al-Maṭbaʻ al-Anṣārīyah, 1311 [1894] -- Kitāb al-Kahf wa-al-raqīm fī sharḥ Bismillāh al-Raḥmān al-Raḥīm / taʼlīf ʻAbd al-Karīm al-Jīlī. Miṣr: Khānjī, 1326 [1908 or 1909] -- Malqá al-sabīl / min waḍʻ Abī al-ʻAlāʼ Aḥmad ibn ʻAbd Allāh ibn Sulaymān al-Maʻarrī. Dimashq, al-Shām: Maṭbaʻat al-Muqtabis, [1330 i.e. 1912].</subfield>
</datafield>
<datafield tag="501" ind1=" " ind2=" ">
<subfield code="a">Kitāb al-bayān li-tahdhīb al-insān; Wa-bi-hāmishihi al-Durr al-manthūr fī al-qawl al-maʼthūr / taʼlīf aḥad al-ʻulamāʼ al-aʻlām. Iskandarīyah: [s.n., 19--] -- Qalāʼid al-ḥikmah / naẓamahā Aḥmad al-Zayn. [S.l.]: Maṭbaʻat al-Ḥayāh, 1918. -- al-Qaṣāʼid al-Hāshimīyāt / lil-Kumayt ibn Zayd al-Asadī al-Kūfī. Miṣr: Maṭbaʻat al-Mawsūʻāt, 1321 [1903 or 1904] -- Kitāb Sharaf al-asbāṭ / taʼlīf Muḥammad Jamāl al-Dīn al-Qāsimī al-Dimashqī. Dimashq: Maṭbaʻat al-Taraqqī, 1331 [1912 or 1913].</subfield>
</datafield>
<datafield tag="650" ind1=" " ind2="0">
<subfield code="a">Islam</subfield>
<subfield code="x">Customs and practices.</subfield>
</datafield>
<datafield tag="650" ind1=" " ind2="7">
<subfield code="a">Islam</subfield>
<subfield code="x">Customs and practices.</subfield>
<subfield code="2">fast</subfield>
<subfield code="0">(OCoLC)fst00979785</subfield>
</datafield>
<datafield tag="776" ind1="0" ind2="8">
<subfield code="i">Online version:</subfield>
<subfield code="a">Qāsimī, Jamāl al-Dīn, 1866-1914.</subfield>
<subfield code="t">Iṣlāḥ al-masājid min al-bidaʻ wa-al-ʻawāʼid.</subfield>
<subfield code="d">al-Qāhirah : al-Maktabah al-Salafīyah, 1341 [1922 or 1923]</subfield>
<subfield code="w">(OCoLC)780200248</subfield>
</datafield>
<datafield tag="880" ind1="0" ind2=" ">
<subfield code="6">100-01/</subfield>
<subfield code="a">جمال الدين القاسمى الدمشقى.</subfield>
</datafield>
<datafield tag="880" ind1="1" ind2="0">
<subfield code="6">245-02/</subfield>
<subfield code="a">اصلاح المساجد البدع والعوائد /</subfield>
<subfield code="c">تأليف جمال الدين القاسمى الدمشقى.</subfield>
</datafield>
<datafield tag="880" ind1=" " ind2=" ">
<subfield code="6">260-03/</subfield>
<subfield code="a">القاهرة :</subfield>
<subfield code="b">ويطلب من المكتبة السلفية،</subfield>
<subfield code="c">1341 [1922 or 1923]</subfield>
</datafield>
<datafield tag="OWN" ind1=" " ind2=" ">
<subfield code="a">GENERAL</subfield>
</datafield>
<datafield tag="AVA" ind1=" " ind2=" ">
<subfield code="a">NYU50</subfield>
<subfield code="b">BOBST</subfield>
<subfield code="c">Main Collection</subfield>
<subfield code="d">BP174 .Q37 1922</subfield>
<subfield code="e">unavailable</subfield>
<subfield code="t">Unavailable</subfield>
<subfield code="f">1</subfield>
<subfield code="g">1</subfield>
<subfield code="h">N</subfield>
<subfield code="i">2</subfield>
<subfield code="j">MAIN</subfield>
<subfield code="k">0</subfield>
</datafield>
</record>
